@book{macwilliams,
  title={The Theory of Error Correcting Codes},
  author={MacWilliams, F.J. and Sloane, N.J.A.},
  number={pt. 2},
  isbn={9780444850102},
  lccn={76041296},
  series={North-Holland mathematical library},
  url={https://books.google.com.br/books?id=nv6WCJgcjxcC},
  year={1977},
  publisher={North-Holland Publishing Company}
}

@article{cartan_mat,
title = "Cartan matrices and Morita equivalence for blocks of the symmetric groups",
journal = "Journal of Algebra",
volume = "142",
number = "2",
pages = "441 - 455",
year = "1991",
note = "",
issn = "0021-8693",
doi = "http://dx.doi.org/10.1016/0021-8693(91)90319-4",
url = "http://www.sciencedirect.com/science/article/pii/0021869391903194",
author = "Joanna Scopes",
}
